%% Saved with string encoding Unicode (UTF-8) 

@inproceedings{aggarwal2000finding,
  title     = {Finding generalized projected clusters in high dimensional spaces},
  author    = {Aggarwal, Charu C and Yu, Philip S},
  booktitle = {Proceedings of the 2000 ACM SIGMOD international conference on Management of data},
  pages     = {70--81},
  year      = {2000}
}

@inproceedings{aggarwal2001surprising,
  title        = {On the surprising behavior of distance metrics in high dimensional space},
  author       = {Aggarwal, Charu C and Hinneburg, Alexander and Keim, Daniel A},
  booktitle    = {International conference on database theory},
  pages        = {420--434},
  year         = {2001},
  organization = {Springer}
}

@inproceedings{aggarwal2015outlier,
  title        = {Outlier analysis},
  author       = {Aggarwal, Charu C},
  booktitle    = {Data mining},
  pages        = {237--263},
  year         = {2015},
  organization = {Springer}
}

@article{aggarwal2015theoretical,
  title     = {Theoretical foundations and algorithms for outlier ensembles},
  author    = {Aggarwal, Charu C and Sathe, Saket},
  journal   = {Acm sigkdd explorations newsletter},
  volume    = {17},
  number    = {1},
  pages     = {24--47},
  year      = {2015},
  publisher = {ACM New York, NY, USA}
}

@inproceedings{aggarwal2016outlier,
  title        = {Outlier analysis second edition},
  author       = {Aggarwal, Charu C},
  booktitle    = {Data mining},
  year         = {2016},
  organization = {Springer}
}

@article{almardeny2020novel,
  title     = {A Novel Outlier Detection Method for Multivariate Data},
  author    = {Almardeny, Yahya and Boujnah, Noureddine and Cleary, Frances},
  journal   = {IEEE Transactions on Knowledge and Data Engineering},
  year      = {2020},
  publisher = {IEEE}
}

@inproceedings{amor2004naive,
  title     = {Naive bayes vs decision trees in intrusion detection systems},
  author    = {Amor, Nahla Ben and Benferhat, Salem and Elouedi, Zied},
  booktitle = {Proceedings of the 2004 ACM symposium on Applied computing},
  pages     = {420--424},
  year      = {2004}
}

@article{anderson1980computer,
  title   = {Computer security threat monitoring and surveillance, James P},
  author  = {Anderson, James P},
  journal = {Anderson Co., Fort Washington, PA},
  year    = {1980}
}

@inproceedings{angiulli2002fast,
  title        = {Fast outlier detection in high dimensional spaces},
  author       = {Angiulli, Fabrizio and Pizzuti, Clara},
  booktitle    = {European conference on principles of data mining and knowledge discovery},
  pages        = {15--27},
  year         = {2002},
  organization = {Springer}
}

@inproceedings{angiulli2007detecting,
  title     = {Detecting distance-based outliers in streams of data},
  author    = {Angiulli, Fabrizio and Fassetti, Fabio},
  booktitle = {Proceedings of the sixteenth ACM conference on Conference on information and knowledge management},
  pages     = {811--820},
  year      = {2007}
}

@inproceedings{arning1996linear,
  title     = {A Linear Method for Deviation Detection in Large Databases.},
  author    = {Arning, Andreas and Agrawal, Rakesh and Raghavan, Prabhakar},
  booktitle = {KDD},
  volume    = {1141},
  number    = {50},
  pages     = {972--981},
  year      = {1996}
}

@article{barella2021assessing,
  title     = {Assessing the data complexity of imbalanced datasets},
  author    = {Barella, Victor H and Garcia, Luis PF and de Souto, Marcilio CP and Lorena, Ana C and de Carvalho, Andre CPLF},
  journal   = {Information Sciences},
  volume    = {553},
  pages     = {83--109},
  year      = {2021},
  publisher = {Elsevier}
}

@article{bekkar2013evaluation,
  title   = {Evaluation measures for models assessment over imbalanced data sets},
  author  = {Bekkar, Mohamed and Djemaa, Hassiba Kheliouane and Alitouche, Taklit Akrouf},
  journal = {J Inf Eng Appl},
  volume  = {3},
  number  = {10},
  year    = {2013}
}

@article{boukerche2019countermeasures,
  title     = {Countermeasures against worm spreading: a new challenge for vehicular networks},
  author    = {Boukerche, Azzedine and Zhang, Qi},
  journal   = {ACM Computing Surveys (CSUR)},
  volume    = {52},
  number    = {2},
  pages     = {1--25},
  year      = {2019},
  publisher = {ACM New York, NY, USA}
}

@inproceedings{breunig2000lof,
  title     = {LOF: identifying density-based local outliers},
  author    = {Breunig, Markus M and Kriegel, Hans-Peter and Ng, Raymond T and Sander, J{\"o}rg},
  booktitle = {Proceedings of the 2000 ACM SIGMOD international conference on Management of data},
  pages     = {93--104},
  year      = {2000}
}

@article{burgess2018understanding,
  title   = {Understanding disentangling in beta-vae},
  author  = {Burgess, Christopher P and Higgins, Irina and Pal, Arka and Matthey, Loic and Watters, Nick and Desjardins, Guillaume and Lerchner, Alexander},
  journal = {arXiv preprint arXiv:1804.03599},
  year    = {2018}
}

@article{chawla2004special,
  title     = {Special issue on learning from imbalanced data sets},
  author    = {Chawla, Nitesh V and Japkowicz, Nathalie and Kotcz, Aleksander},
  journal   = {ACM SIGKDD explorations newsletter},
  volume    = {6},
  number    = {1},
  pages     = {1--6},
  year      = {2004},
  publisher = {ACM New York, NY, USA}
}

@article{dang2018outlier,
  title   = {Outlier detection on network flow analysis},
  author  = {Dang, Quang-Vinh},
  journal = {arXiv preprint arXiv:1808.02024},
  year    = {2018}
}

@article{deabordagem,
  title  = {Abordagem fim-a-fim para uso de aprendizado de m{\'a}quina em IDS--Caso de detec{\c{c}} ao stateless para TCP Scan},
  author = {de Carvalho Bertoli, Gustavo and Pereira, Louren{\c{c}}o A and Verri, Filipe and Marcondes, Cesar and Santos, Aldri L and Saotome, Osamu}
}

@misc{farinacci2000rfc2784,
  title     = {RFC2784: Generic routing encapsulation (GRE)},
  author    = {Farinacci, Dino and Li, T and Hanks, S and Meyer, D and Traina, P},
  year      = {2000},
  publisher = {RFC Editor}
}

@article{goldstein2012histogram,
  title     = {Histogram-based outlier score (hbos): A fast unsupervised anomaly detection algorithm},
  author    = {Goldstein, Markus and Dengel, Andreas},
  journal   = {KI-2012: Poster and Demo Track},
  pages     = {59--63},
  year      = {2012},
  publisher = {Citeseer}
}

@article{gopalan2019pidforest,
  title   = {Pidforest: anomaly detection via partial identification},
  author  = {Gopalan, Parikshit and Sharan, Vatsal and Wieder, Udi},
  journal = {arXiv preprint arXiv:1912.03582},
  year    = {2019}
}

@article{hardin2004outlier,
  title     = {Outlier detection in the multiple cluster setting using the minimum covariance determinant estimator},
  author    = {Hardin, Johanna and Rocke, David M},
  journal   = {Computational Statistics \& Data Analysis},
  volume    = {44},
  number    = {4},
  pages     = {625--638},
  year      = {2004},
  publisher = {Elsevier}
}

@article{he2003discovering,
  title     = {Discovering cluster-based local outliers},
  author    = {He, Zengyou and Xu, Xiaofei and Deng, Shengchun},
  journal   = {Pattern Recognition Letters},
  volume    = {24},
  number    = {9-10},
  pages     = {1641--1650},
  year      = {2003},
  publisher = {Elsevier}
}

@inproceedings{he2017machine,
  title        = {Machine learning based DDoS attack detection from source side in cloud},
  author       = {He, Zecheng and Zhang, Tianwei and Lee, Ruby B},
  booktitle    = {2017 IEEE 4th International Conference on Cyber Security and Cloud Computing (CSCloud)},
  pages        = {114--120},
  year         = {2017},
  organization = {IEEE}
}

@inproceedings{hinneburg2000nearest,
  title     = {What is the nearest neighbor in high dimensional spaces?},
  author    = {Hinneburg, Alexander and Aggarwal, Charu C and Keim, Daniel A},
  booktitle = {26th Internat. Conference on Very Large Databases},
  pages     = {506--515},
  year      = {2000}
}
@misc{idc_security_spending_2021,
  title  = {Worldwide semiannual security spending guide},
  author = {Corporation, I.D.},
  year   = {March 2021}
}

@phdthesis{iglewicz1993volume,
  title  = {Volume 16: how to detect and handle outliers, The ASQC basic references in quality control: statistical techniques, Edward F. Mykytka},
  author = {Iglewicz, Boris and Hoaglin, David},
  year   = {1993},
  school = {Ph. D., Editor}
}

@article{janssens2012stochastic,
  title   = {Stochastic outlier selection},
  author  = {Janssens, JHM and Husz{\'a}r, Ferenc and Postma, EO and van den Herik, HJ},
  journal = {Tilburg centre for Creative Computing, techreport 2012-001},
  year    = {2012}
}

@misc{jaspal_2020,
  title   = {Server Logs - Suspicious},
  url     = {https://www.kaggle.com/kartikjaspal/server-logs-suspicious/code},
  journal = {Kaggle},
  author  = {Jaspal, Kartik},
  year    = {2020},
  month   = {Jul}
}

@inproceedings{johnson1998fast,
  title        = {Fast Computation of 2-Dimensional Depth Contours.},
  author       = {Johnson, Theodore and Kwok, Ivy and Ng, Raymond T},
  booktitle    = {KDD},
  pages        = {224--228},
  year         = {1998},
  organization = {Citeseer}
}

@article{kingma2013auto,
  title   = {Auto-encoding variational bayes},
  author  = {Kingma, Diederik P and Welling, Max},
  journal = {arXiv preprint arXiv:1312.6114},
  year    = {2013}
}

@inproceedings{kriegel2008angle,
  title     = {Angle-based outlier detection in high-dimensional data},
  author    = {Kriegel, Hans-Peter and Schubert, Matthias and Zimek, Arthur},
  booktitle = {Proceedings of the 14th ACM SIGKDD international conference on Knowledge discovery and data mining},
  pages     = {444--452},
  year      = {2008}
}

@inproceedings{kriegel2009outlier,
  title        = {Outlier detection in axis-parallel subspaces of high dimensional data},
  author       = {Kriegel, Hans-Peter and Kr{\"o}ger, Peer and Schubert, Erich and Zimek, Arthur},
  booktitle    = {Pacific-asia conference on knowledge discovery and data mining},
  pages        = {831--838},
  year         = {2009},
  organization = {Springer}
}

@inproceedings{kruegel2003using,
  title        = {Using decision trees to improve signature-based intrusion detection},
  author       = {Kruegel, Christopher and Toth, Thomas},
  booktitle    = {International Workshop on Recent Advances in Intrusion Detection},
  pages        = {173--191},
  year         = {2003},
  organization = {Springer}
}

@inproceedings{lazarevic2005feature,
  title     = {Feature bagging for outlier detection},
  author    = {Lazarevic, Aleksandar and Kumar, Vipin},
  booktitle = {Proceedings of the eleventh ACM SIGKDD international conference on Knowledge discovery in data mining},
  pages     = {157--166},
  year      = {2005}
}

@article{leiner1985darpa,
  title     = {The DARPA Internet protocol suite},
  author    = {Leiner, Barry and Cole, Robert and Postel, Jon and Mills, David},
  journal   = {IEEE Communications Magazine},
  volume    = {23},
  number    = {3},
  pages     = {29--34},
  year      = {1985},
  publisher = {IEEE}
}

@article{lemos2002hackers,
  title   = {Hackers no Brasil},
  author  = {Lemos, Andr{\'e} and Seara, Simone and P{\'e}rsio, Wilson},
  journal = {Revista Contracampo},
  number  = {06},
  year    = {2002}
}

@article{li2001decision,
  title   = {Decision tree classifiers for computer intrusion detection},
  author  = {Li, Xiangyang and Ye, Nong},
  journal = {Journal of Parallel and Distributed Computing Practices},
  volume  = {4},
  number  = {2},
  pages   = {179--190},
  year    = {2001}
}

@inproceedings{li2019mad,
  title        = {MAD-GAN: Multivariate anomaly detection for time series data with generative adversarial networks},
  author       = {Li, Dan and Chen, Dacheng and Jin, Baihong and Shi, Lei and Goh, Jonathan and Ng, See-Kiong},
  booktitle    = {International Conference on Artificial Neural Networks},
  pages        = {703--716},
  year         = {2019},
  organization = {Springer}
}

@article{li2020copod,
  title   = {COPOD: copula-based outlier detection},
  author  = {Li, Zheng and Zhao, Yue and Botta, Nicola and Ionescu, Cezar and Hu, Xiyang},
  journal = {arXiv preprint arXiv:2009.09463},
  year    = {2020}
}

@inproceedings{liu2008isolation,
  title        = {Isolation forest},
  author       = {Liu, Fei Tony and Ting, Kai Ming and Zhou, Zhi-Hua},
  booktitle    = {2008 eighth ieee international conference on data mining},
  pages        = {413--422},
  year         = {2008},
  organization = {IEEE}
}

@article{liu2012isolation,
  title     = {Isolation-based anomaly detection},
  author    = {Liu, Fei Tony and Ting, Kai Ming and Zhou, Zhi-Hua},
  journal   = {ACM Transactions on Knowledge Discovery from Data (TKDD)},
  volume    = {6},
  number    = {1},
  pages     = {1--39},
  year      = {2012},
  publisher = {Acm New York, NY, USA}
}

@article{liu2019generative,
  title     = {Generative adversarial active learning for unsupervised outlier detection},
  author    = {Liu, Yezheng and Li, Zhe and Zhou, Chong and Jiang, Yuanchun and Sun, Jianshan and Wang, Meng and He, Xiangnan},
  journal   = {IEEE Transactions on Knowledge and Data Engineering},
  volume    = {32},
  number    = {8},
  pages     = {1517--1528},
  year      = {2019},
  publisher = {IEEE}
}

@article{matthews1975comparison,
  title     = {Comparison of the predicted and observed secondary structure of T4 phage lysozyme},
  author    = {Matthews, Brian W},
  journal   = {Biochimica et Biophysica Acta (BBA)-Protein Structure},
  volume    = {405},
  number    = {2},
  pages     = {442--451},
  year      = {1975},
  publisher = {Elsevier}
}

@article{milenkoski2015evaluating,
  title     = {Evaluating computer intrusion detection systems: A survey of common practices},
  author    = {Milenkoski, Aleksandar and Vieira, Marco and Kounev, Samuel and Avritzer, Alberto and Payne, Bryan D},
  journal   = {ACM Computing Surveys (CSUR)},
  volume    = {48},
  number    = {1},
  pages     = {1--41},
  year      = {2015},
  publisher = {ACM New York, NY, USA}
}

@inproceedings{papadimitriou2003loci,
  title        = {Loci: Fast outlier detection using the local correlation integral},
  author       = {Papadimitriou, Spiros and Kitagawa, Hiroyuki and Gibbons, Phillip B and Faloutsos, Christos},
  booktitle    = {Proceedings 19th international conference on data engineering (Cat. No. 03CH37405)},
  pages        = {315--326},
  year         = {2003},
  organization = {IEEE}
}

@article{pevny2016loda,
  title     = {Loda: Lightweight on-line detector of anomalies},
  author    = {Pevny, Tomas},
  journal   = {Machine Learning},
  volume    = {102},
  number    = {2},
  pages     = {275--304},
  year      = {2016},
  publisher = {Springer}
}

@article{pickands1975statistical,
  title     = {Statistical inference using extreme order statistics},
  author    = {Pickands III, James and others},
  journal   = {Annals of statistics},
  volume    = {3},
  number    = {1},
  pages     = {119--131},
  year      = {1975},
  publisher = {Institute of Mathematical Statistics}
}

@misc{postel1981ietf,
  title     = {IETF RFC 0792: Internet control message protocol},
  author    = {Postel, J},
  year      = {1981},
  publisher = {September}
}

@article{postel1981transmission,
  title     = {Transmission control protocol},
  author    = {Postel, Jon and others},
  year      = {1981},
  publisher = {STD 7, RFC 793, September}
}

@article{powers2020evaluation,
  title   = {Evaluation: from precision, recall and F-measure to ROC, informedness, markedness and correlation},
  author  = {Powers, David MW},
  journal = {arXiv preprint arXiv:2010.16061},
  year    = {2020}
}

@misc{project_jupyter,
  title   = {Project Jupyter},
  url     = {http://jupyterlab.io/},
  journal = {Project Jupyter}
}

@article{protocol1980rfc,
  title   = {Rfc 768 j. postel isi 28 august 1980},
  author  = {Protocol, User Datagram},
  journal = {Isi},
  year    = {1980}
}

@misc{python.org,
  title   = {Python.org},
  url     = {https://www.python.org/},
  journal = {Python.org}
}

@article{radford2018network,
  title   = {Network traffic anomaly detection using recurrent neural networks},
  author  = {Radford, Benjamin J and Apolonio, Leonardo M and Trias, Antonio J and Simpson, Jim A},
  journal = {arXiv preprint arXiv:1803.10769},
  year    = {2018}
}

@inproceedings{ramaswamy2000efficient,
  title     = {Efficient algorithms for mining outliers from large data sets},
  author    = {Ramaswamy, Sridhar and Rastogi, Rajeev and Shim, Kyuseok},
  booktitle = {Proceedings of the 2000 ACM SIGMOD international conference on Management of data},
  pages     = {427--438},
  year      = {2000}
}

@article{reynolds1994assigned,
  title   = {Assigned Numbers, RFC 1700},
  author  = {Reynolds, J and Postel, J},
  journal = {TCP/IP For Internet Administrators},
  year    = {1994}
}

@article{ring2017creation,
  title     = {Creation of flow-based data sets for intrusion detection},
  author    = {Ring, Markus and Wunderlich, Sarah and Gr{\"u}dl, Dominik and Landes, Dieter and Hotho, Andreas},
  journal   = {Journal of Information Warfare},
  volume    = {16},
  number    = {4},
  pages     = {41--54},
  year      = {2017},
  publisher = {JSTOR}
}

@inproceedings{ring2017flow,
  title     = {Flow-based benchmark data sets for intrusion detection},
  author    = {Ring, Markus and Wunderlich, Sarah and Gr{\"u}dl, Dominik and Landes, Dieter and Hotho, Andreas},
  booktitle = {Proceedings of the 16th European Conference on Cyber Warfare and Security. ACPI},
  pages     = {361--369},
  year      = {2017}
}

@article{rousseeuw1999fast,
  title     = {A fast algorithm for the minimum covariance determinant estimator},
  author    = {Rousseeuw, Peter J and Driessen, Katrien Van},
  journal   = {Technometrics},
  volume    = {41},
  number    = {3},
  pages     = {212--223},
  year      = {1999},
  publisher = {Taylor \& Francis Group}
}

@inproceedings{sakurada2014anomaly,
  title     = {Anomaly detection using autoencoders with nonlinear dimensionality reduction},
  author    = {Sakurada, Mayu and Yairi, Takehisa},
  booktitle = {Proceedings of the MLSDA 2014 2nd Workshop on Machine Learning for Sensory Data Analysis},
  pages     = {4--11},
  year      = {2014}
}

@article{scholkopf2001estimating,
  title     = {Estimating the support of a high-dimensional distribution},
  author    = {Sch{\"o}lkopf, Bernhard and Platt, John C and Shawe-Taylor, John and Smola, Alex J and Williamson, Robert C},
  journal   = {Neural computation},
  volume    = {13},
  number    = {7},
  pages     = {1443--1471},
  year      = {2001},
  publisher = {MIT Press}
}

@techreport{shyu2003novel,
  title       = {A novel anomaly detection scheme based on principal component classifier},
  author      = {Shyu, Mei-Ling and Chen, Shu-Ching and Sarinnapakorn, Kanoksri and Chang, LiWu},
  year        = {2003},
  institution = {MIAMI UNIV CORAL GABLES FL DEPT OF ELECTRICAL AND COMPUTER ENGINEERING}
}

@inproceedings{stein2005decision,
  title     = {Decision tree classifier for network intrusion detection with GA-based feature selection},
  author    = {Stein, Gary and Chen, Bing and Wu, Annie S and Hua, Kien A},
  booktitle = {Proceedings of the 43rd annual Southeast regional conference-Volume 2},
  pages     = {136--141},
  year      = {2005}
}

@article{taha2019anomaly,
  title     = {Anomaly detection methods for categorical data: A review},
  author    = {Taha, Ayman and Hadi, Ali S},
  journal   = {ACM Computing Surveys (CSUR)},
  volume    = {52},
  number    = {2},
  pages     = {1--35},
  year      = {2019},
  publisher = {ACM New York, NY, USA}
}

@inproceedings{tang2002enhancing,
  title        = {Enhancing effectiveness of outlier detections for low density patterns},
  author       = {Tang, Jian and Chen, Zhixiang and Fu, Ada Wai-Chee and Cheung, David W},
  booktitle    = {Pacific-Asia Conference on Knowledge Discovery and Data Mining},
  pages        = {535--548},
  year         = {2002},
  organization = {Springer}
}

@article{usman2019survey,
  title     = {A survey on representation learning efforts in cybersecurity domain},
  author    = {Usman, Muhammad and Jan, Mian Ahmad and He, Xiangjian and Chen, Jinjun},
  journal   = {ACM Computing Surveys (CSUR)},
  volume    = {52},
  number    = {6},
  pages     = {1--28},
  year      = {2019},
  publisher = {ACM New York, NY, USA}
}

@article{wang2020advae,
  title     = {adVAE: A self-adversarial variational autoencoder with Gaussian anomaly prior knowledge for anomaly detection},
  author    = {Wang, Xuhong and Du, Ying and Lin, Shijie and Cui, Ping and Shen, Yuntian and Yang, Yupu},
  journal   = {Knowledge-Based Systems},
  volume    = {190},
  pages     = {105187},
  year      = {2020},
  publisher = {Elsevier}
}

@inproceedings{zhao2018xgbod,
  title        = {XGBOD: improving supervised outlier detection with unsupervised representation learning},
  author       = {Zhao, Yue and Hryniewicki, Maciej K},
  booktitle    = {2018 International Joint Conference on Neural Networks (IJCNN)},
  pages        = {1--8},
  year         = {2018},
  organization = {IEEE}
}

@inproceedings{zhao2019lscp,
  title        = {LSCP: Locally selective combination in parallel outlier ensembles},
  author       = {Zhao, Yue and Nasrullah, Zain and Hryniewicki, Maciej K and Li, Zheng},
  booktitle    = {Proceedings of the 2019 SIAM International Conference on Data Mining},
  pages        = {585--593},
  year         = {2019},
  organization = {SIAM}
}

@article{zhao2019pyod,
  author  = {Zhao, Yue and Nasrullah, Zain and Li, Zheng},
  title   = {PyOD: A Python Toolbox for Scalable Outlier Detection},
  journal = {Journal of Machine Learning Research},
  year    = {2019},
  volume  = {20},
  number  = {96},
  pages   = {1-7},
  url     = {http://jmlr.org/papers/v20/19-011.html}
}

@article{zhao2020suod,
  title   = {SUOD: Accelerating Large-Scale Unsupervised Heterogeneous Outlier Detection},
  author  = {Zhao, Yue and Hu, Xiyang and Cheng, Cheng and Wang, Cong and Wan, Changlin and Wang, Wen and Yang, Jianing and Bai, Haoping and Li, Zheng and Xiao, Cao and others},
  journal = {arXiv preprint arXiv:2003.05731},
  year    = {2020}
}